@book{NoceWrig06,
  address   = {New York, NY, USA},
  author    = {J. Nocedal and S.~J. Wright},
  edition   = {2nd},
  publisher = {Springer},
  series    = {Springer Series in Operations Research},
  title     = {{Numerical Optimization}},
  year      = {2006}
}